%%
%% Author: magnus.silverdal
%% 2020-09-16
%%

